<record><leader>00000cas a22000007a 4500</leader><controlfield tag="001">27102695</controlfield><controlfield tag="008">921211d1855185umau x ne      0    0eng d</controlfield><datafield ind1=" " ind2=" " tag="010"><subfield code="a">sn 92057041 </subfield></datafield><datafield ind1=" " ind2=" " tag="040"><subfield code="a">MGN</subfield><subfield code="b">eng</subfield><subfield code="c">MGN</subfield><subfield code="d">HUL</subfield><subfield code="d">OCL</subfield><subfield code="d">OCLCQ</subfield><subfield code="d">OCLCF</subfield><subfield code="d">OCLCO</subfield></datafield><datafield ind1="1" ind2=" " tag="029"><subfield code="a">AU@</subfield><subfield code="b">000020229052</subfield></datafield><datafield ind1=" " ind2=" " tag="042"><subfield code="a">msc</subfield></datafield><datafield ind1=" " ind2=" " tag="043"><subfield code="a">n-us-ma</subfield></datafield><datafield ind1="0" ind2="0" tag="245"><subfield code="a">Brown's railroad Mercury.</subfield></datafield><datafield ind1="1" ind2="7" tag="246"><subfield code="a">Railroad Mercury</subfield></datafield><datafield ind1=" " ind2=" " tag="260"><subfield code="a">Groton Junction [Groton], Mass. :</subfield><subfield code="b">G.H. Brown</subfield></datafield><datafield ind1=" " ind2=" " tag="300"><subfield code="a">v.</subfield></datafield><datafield ind1=" " ind2=" " tag="310"><subfield code="a">Irregular</subfield></datafield><datafield ind1="0" ind2=" " tag="362"><subfield code="a">Vol. 4, no. 6 (July 20, 1855)-</subfield></datafield><datafield ind1=" " ind2="0" tag="651"><subfield code="a">Groton (Mass.)</subfield><subfield code="v">Newspapers.</subfield></datafield><datafield ind1=" " ind2="7" tag="655"><subfield code="a">Newspapers.</subfield><subfield code="2">fast</subfield><subfield code="0">(OCoLC)fst01423814</subfield></datafield><datafield ind1=" " ind2="7" tag="651"><subfield code="a">Massachusetts</subfield><subfield code="z">Groton.</subfield><subfield code="2">fast</subfield><subfield code="0">(OCoLC)fst01263070</subfield></datafield><datafield ind1=" " ind2=" " tag="752"><subfield code="a">United States</subfield><subfield code="b">Massachusetts</subfield><subfield code="c">Middlesex</subfield><subfield code="d">Groton.</subfield></datafield><datafield ind1="0" ind2="0" tag="780"><subfield code="t">Railroad Mercury (Groton, Mass. : 1854)</subfield><subfield code="w">(DLC)sn 92057040</subfield></datafield><datafield ind1="0" ind2="0" tag="785"><subfield code="t">Railroad Mercury (Groton, Mass. : 1859)</subfield><subfield code="w">(DLC)sn 83020048</subfield></datafield><datafield ind1=" " ind2=" " tag="850"><subfield code="a">MH</subfield></datafield></record>